@book{suttonreinforcement,
    title   = {Reinforcement Learning an introduction},
    author  = {Sutton, Richard S and Barto, Andrew G and others},
    edition = {2nd},
    year    = {2018},
    publisher   =   {MIT press Cambridge}
}
@article{rl_tictactoe,
    author  = {Jeremy Zhang},
    title   = {Reinforcement Learning — Implement TicTacToe},
    year    = {2019},
    journal = {towards data science, \url{https://towardsdatascience.com/reinforcement-learning-implement-tictactoe-189582bea542}},
}
@article{rl_overview,
    author  = {Robert Moni},
    title   = {Reinforcement Learning algorithms — an intuitive overview},
    year    = {2019},
    journal = {Medium, \url{https://medium.com/@SmartLabAI/reinforcement-learning-algorithms-an-intuitive-overview-904e2dff5bbc}},
}

}
@article{rl_q-learning,
    author  = {Andre Violante},
    title   = {Simple Reinforcement Learning: Q-learning},
    year    = {2019},
    journal = {Medium, \url{https://towardsdatascience.com/simple-reinforcement-learning-q-learning-fcddc4b6fe56}},
}

@article{narrowAI,
    author  = {Tannya D. Jajal},
    title   = {Distinguishing between Narrow AI, General AI and Super AI},
    year    = {2018},
    journal = {Medium, \url{https://medium.com/mapping-out-2050/distinguishing-between-narrow-ai-general-ai-and-super-ai-a4bc44172e22}},
}

@article{neuronal_network,
    author  = {Knut Hinkelmann},
    title   = {Neural Networks},
    journal = {Medium, \url{http://didattica.cs.unicam.it/lib/exe/fetch.php?media=didattica:magistrale:kebi:ay_1718:ke-11_neural_networks.pdf}},
    year    = {2019},
}

@article{rl_q-table,
    author  = {Ayush Singh},
    title   = {An introduction to Q-Learning: reinforcement learning},
    year    = {2019},
    journal = {Medium, \url{https://www.freecodecamp.org/news/an-introduction-to-q-learning-reinforcement-learning-14ac0b4493cc/}},
}
@article{activation_function_2,
    author  = {Xavier Glorot, Antoine Bordes, Yoshua Bengio},
    title   = {Deep Sparse Rectifier Neural Networks},
    journal = {Medium, \url{http://proceedings.mlr.press/v15/glorot11a/glorot11a.pdf}},
}
@misc{advantages_activation,
    author  = {Ayyüce Kızrak},
    title   = {Comparison of Activation Functions for Deep Neural Networks},
    year    = {2019},
    journal = {towards data science, \url{https://towardsdatascience.com/comparison-of-activation-functions-for-deep-neural-networks-706ac4284c8a}}
}
@article{ourDqnModelBasis,
    author  = {Siwei Xu},
    title   = {Deep Reinforcement Learning: Build a Deep Q-network(DQN) with TensorFlow 2 and Gym to Play CartPole},
    year    =  {2019},
    journal = {towards data science, \url{https://towardsdatascience.com/deep-reinforcement-learning-build-a-deep-q-network-dqn-to-play-cartpole-with-tensorflow-2-and-gym-8e105744b998}}
}
@misc{nn_wiki,
    title   = {Backpropagation},
    year    = {2019},
    journal = {Wikipedia, \url{https://de.wikipedia.org/wiki/Backpropagation}}
}
@article{bellmanEquValue,
    author  = {Jordi TORRES.AI},
    title   = {The Bellman Equation V-function and Q-function Explained},
    year    =  {2019},
    journal = {towards data science, \url{https://towardsdatascience.com/the-bellman-equation-59258a0d3fa7}}
}

@article{aibritannica,
    author  = {B.J. Copeland},
    title   = {Artificial intelligence},
    year    =  {2020},
    journal = {Britannica, \url{https://www.britannica.com/technology/artificial-intelligence}}
}

@manual{Python,
    title   = {Python},
    year    =  {2020},
    note    = {Available at \textit{\url{https://www.python.org}}}
}
@manual{TensorFlow,
    title   = {TensorFlow},
    year    =  {2020},
    note    = {Available at \textit{\url{https://www.tensorflow.org}}}
}
@manual{PyGame,
    title   = {PyGame},
    year    =  {2020},
    note    = {Available at \textit{\url{https://www.pygame.org}}}
}

@misc{TensorFlowWikipedia,
   author = "{Wikipedia contributors}",
   title = "TensorFlow --- {W}ikipedia{,} The Free Encyclopedia",
   year = "2020",
   note = {\textit{\url{https://en.wikipedia.org/wiki/TensorFlow}}},
}
@misc{grad,
   author = "{Wikipedia contributors}",
   title = "Gradient - Wikipedia",
   year = "2020",
   note = {\textit{\url{https://de.wikipedia.org/wiki/Gradient_(Mathematik)}}},
}
@misc{tic_tac_toe_prob,
   author = "Math department misouri contributors",
   title = "Solution to Problem \#10 - Misouri math department",
   note = {\textit{\url{http://people.missouristate.edu/lesreid/sol10_04.html}}},
}
@misc{comb,
   author = "{Wikipedia contributors}",
   title = "Kombination - Wikipedia",
   year = "2020",
   note = {\textit{\url{https://de.wikipedia.org/wiki/Kombination_(Kombinatorik)}}},
}
@misc{tf.grad,
   title = "tf.GradientTape - Tensorflow",
   year = "25.09.2020",
   note = {\textit{\url{https://www.tensorflow.org/api_docs/python/tf/GradientTape}}},
}
@misc{tf.math.reduce,
   title = " tf.math.reduce\_sum - Tensorflow",
   year = "25.09.2020",
   note = {\textit{\url{https://www.tensorflow.org/api_docs/python/tf/math/reduce_sum}}},
 }
 @misc{tf.keras.optimizers,
   title = " tf.keras.optimizers.Optimizer - Tensorflow",
   year = "24.09.2020",
   note = {\textit{\url{https://www.tensorflow.org/api_docs/python/tf/keras/optimizers/Optimizer}}},
 }
